<?xml version="1.0" encoding="UTF-8"?><collection xmlns="http://www.loc.gov/MARC21/slim"><record><leader>00653nam--2200193-i-4500</leader><controlfield tag="001">000015610</controlfield><controlfield tag="002">20161230</controlfield><controlfield tag="005">20161230201031</controlfield><controlfield tag="008">060222s1000------------r-----000-0-eng-d</controlfield><datafield ind1=" " ind2=" " tag="040"><subfield code="a">IFIN-HH</subfield></datafield><datafield ind1=" " ind2=" " tag="080"><subfield code="a">541.3(061.3)</subfield></datafield><datafield ind1="1" ind2=" " tag="100"><subfield code="a">Baxendale, John H./S.A.</subfield></datafield><datafield ind1="1" ind2="0" tag="245"><subfield code="a">The study of fast processes and transient species by electron pulse radiolysis. proceedings, capri, italy, 1981</subfield><subfield code="c">John h. baxendale, fabio busi (eds.)</subfield></datafield><datafield ind1=" " ind2=" " tag="260"><subfield code="a">Dordrecht</subfield><subfield code="b">D.Reidel Publishing Company</subfield><subfield code="c">1982</subfield></datafield><datafield ind1=" " ind2=" " tag="300"><subfield code="a">XVI + 637 P</subfield></datafield><datafield ind1=" " ind2=" " tag="490"><subfield code="a">Nato Advenced Study Institutes Series C, 86</subfield></datafield><datafield ind1="1" ind2=" " tag="700"><subfield code="a">Busi, Fabio</subfield><subfield code="e">Ed</subfield></datafield><datafield ind1=" " ind2=" " tag="852"><subfield code="a">42548</subfield><subfield code="c">53</subfield></datafield><datafield ind1=" " ind2=" " tag="CAT"><subfield code="a">Sys</subfield><subfield code="c">20150323</subfield><subfield code="h">141020</subfield></datafield></record></collection>